<?xml version="1.0" encoding="UTF-8"?><collection><record><leader>02898ntm a2200445 a 4500</leader><controlfield tag="001">002576827</controlfield><controlfield tag="003">MiAaHDL</controlfield><controlfield tag="005">20190719000000.0</controlfield><controlfield tag="006">m        d        </controlfield><controlfield tag="007">cr bn ---auaua</controlfield><controlfield tag="008">921116s1720    xx            00||  ara d</controlfield><datafield tag="035" ind1=" " ind2=" "><subfield code="a">(MiU)002576827</subfield></datafield><datafield tag="035" ind1=" " ind2=" "><subfield code="a">sdr-miu002576827</subfield></datafield><datafield tag="035" ind1=" " ind2=" "><subfield code="a">(OCoLC)34365239</subfield></datafield><datafield tag="035" ind1=" " ind2=" "><subfield code="a">(RLIN)MIUH92-A19</subfield></datafield><datafield tag="040" ind1=" " ind2=" "><subfield code="a">MiU</subfield><subfield code="c">MiU</subfield><subfield code="e">appm</subfield><subfield code="d">MiU</subfield></datafield><datafield tag="100" ind1="1" ind2=" "><subfield code="6">880-01</subfield><subfield code="a">Dimishqī, ʻAbd al-Laṭīf ibn Aḥmad,</subfield><subfield code="d">17th cent.</subfield></datafield><datafield tag="245" ind1="1" ind2="0"><subfield code="6">880-02</subfield><subfield code="a">Hādhihi nukhbat al-tuffāḥah fī qawaʻid ʻilm al-misāḥah :</subfield><subfield code="k">manuscript,</subfield><subfield code="f">[1720] /</subfield><subfield code="c">li-shaykh shaykhinā al-shaykh ʻAbd al-Laṭīf.</subfield></datafield><datafield tag="300" ind1=" " ind2=" "><subfield code="a">1</subfield><subfield code="f">v. ([53] p.) :</subfield><subfield code="b">ill. ;</subfield><subfield code="c">21 cm.</subfield></datafield><datafield tag="500" ind1=" " ind2=" "><subfield code="a">Text rubricated; copyist same as that of Mich. Isl. Ms. 691,2; diagrams and marginal notes in a different hand.</subfield></datafield><datafield tag="500" ind1=" " ind2=" "><subfield code="a">Date in colophon: alf wa-miyah wa-ithnayn wa-thalāthīn Dhū al-Ḥijjah [October-November 1720].</subfield></datafield><datafield tag="500" ind1=" " ind2=" "><subfield code="a">Pp. [1-47]. Bound with: ʻAbd al-Laṭīf ibn Aḥmad al-Dimishqī, Sharḥ urjūzah fī ḥall al-ʻadad, pp. [48-53].</subfield></datafield><datafield tag="510" ind1="4" ind2=" "><subfield code="a">GAL, Suppl. I,</subfield><subfield code="c">p. 558; King, Survey, pp. 111 and 131</subfield></datafield><datafield tag="520" ind1=" " ind2=" "><subfield code="a">Dimishqī's commentary on his own poem Nukhbat al-tuffāḥah, based on Abū al-Ḥasan Aḥmad ibn Muḥammad al-Ashʻarī's poem al-Tuffāḥah fī ʻilm al-misāḥah, on surveying. For a later copy of this text, see Mich. Isl. Ms. 796,12.</subfield></datafield><datafield tag="530" ind1=" " ind2=" "><subfield code="a">Microfilm available in repository.</subfield></datafield><datafield tag="538" ind1=" " ind2=" "><subfield code="a">Mode of access: Internet.</subfield></datafield><datafield tag="541" ind1=" " ind2=" "><subfield code="d">07/--/36</subfield><subfield code="3">Manuscript</subfield><subfield code="a">McGregor Fund</subfield><subfield code="c">Purchase, 1933/34</subfield><subfield code="h">20 p.t.</subfield></datafield><datafield tag="561" ind1=" " ind2=" "><subfield code="a">Purchased in Cairo, 1933/34. Owner's mark: inside cover, manuscript notes in handwriting of Max Meyerhof.</subfield></datafield><datafield tag="600" ind1="1" ind2="4"><subfield code="6">880-04</subfield><subfield code="a">Dimishqī, ʻAbd al-Laṭīf ibn Aḥmad,</subfield><subfield code="d">17th cent.</subfield><subfield code="t">Nukhbat al-tuffāḥah.</subfield></datafield><datafield tag="600" ind1="1" ind2="0"><subfield code="6">880-03</subfield><subfield code="a">Ashʻarī, Aḥmad ibn Muḥammad,</subfield><subfield code="d">11th/12th cent.</subfield><subfield code="t">Tuffāḥah fī ʻilm al-misāḥah.</subfield></datafield><datafield tag="650" ind1=" " ind2="0"><subfield code="a">Geometry</subfield><subfield code="y">Early works to 1800.</subfield></datafield><datafield tag="650" ind1=" " ind2="0"><subfield code="a">Mathematics, Arab</subfield><subfield code="y">Early works to 1800.</subfield></datafield><datafield tag="650" ind1=" " ind2="0"><subfield code="a">Manuscripts, Arabic</subfield><subfield code="z">Michigan</subfield><subfield code="z">Ann Arbor.</subfield></datafield><datafield tag="700" ind1="1" ind2="0"><subfield code="6">880-05</subfield><subfield code="a">Dimishqī, ʻAbd al-Laṭīf ibn Aḥmad,</subfield><subfield code="d">17th cent.</subfield><subfield code="t">Nukhbat al-tuffāḥah.</subfield></datafield><datafield tag="700" ind1="1" ind2=" "><subfield code="a">Meyerhof, Max,</subfield><subfield code="d">1874-1945,</subfield><subfield code="e">former owner.</subfield></datafield><datafield tag="773" ind1="0" ind2=" "><subfield code="7">unbc</subfield><subfield code="a">Tracy W. McGregor Collection of Arabic, Persian, and Turkish Mathematical and Astronomical Manuscripts.</subfield><subfield code="w">(CStRLIN)MIUH92-A20.</subfield></datafield><datafield tag="880" ind1="0" ind2="0"><subfield code="6">700-05/</subfield><subfield code="a">عبد اللطيف بن أحمد الدمشقي.</subfield><subfield code="t">نخبة التفاحة.</subfield></datafield><datafield tag="880" ind1="0" ind2="4"><subfield code="6">600-04/</subfield><subfield code="a">عبد اللطيف بن أحمد الدمشقي.</subfield><subfield code="t">نخبة التفاحة.</subfield></datafield><datafield tag="880" ind1="0" ind2="0"><subfield code="6">600-03/</subfield><subfield code="a">أحمد بن محمد الأشعري.</subfield><subfield code="t">تفاحة في علم المساحة.</subfield></datafield><datafield tag="880" ind1="1" ind2="0"><subfield code="6">245-02/</subfield><subfield code="a">هاذه نخبة التفاحة في قواعد علم المساحة :</subfield><subfield code="k">manuscript،</subfield><subfield code="f">[1720] /</subfield><subfield code="c">لشيخ شيخنا الشيخ عبد اللطيف.</subfield></datafield><datafield tag="880" ind1="0" ind2=" "><subfield code="6">100-01/</subfield><subfield code="a">عبد اللطيف بن أحمد الدمشقي.</subfield></datafield><datafield tag="CID" ind1=" " ind2=" "><subfield code="a">002576827</subfield></datafield><datafield tag="DAT" ind1="0" ind2=" "><subfield code="a">20190719102632.0</subfield><subfield code="b">20190719000000.0</subfield></datafield><datafield tag="DAT" ind1="1" ind2=" "><subfield code="a">20190719090653.0</subfield><subfield code="b">2019-07-19T16:10:36Z</subfield></datafield><datafield tag="DAT" ind1="2" ind2=" "><subfield code="a">2015-10-02T18:00:03Z</subfield></datafield><datafield tag="CAT" ind1=" " ind2=" "><subfield code="a">SDR-MIU</subfield><subfield code="d">EX LIBRIS - ALEPH</subfield><subfield code="l">prepare.pl-004-008</subfield></datafield><datafield tag="FMT" ind1=" " ind2=" "><subfield code="a">BK</subfield></datafield><datafield tag="HOL" ind1=" " ind2=" "><subfield code="0">sdr-miu002576827</subfield><subfield code="a">MiU</subfield><subfield code="b">SDR</subfield><subfield code="c">MIU</subfield><subfield code="p">mdp.39015081447727</subfield><subfield code="s">MIU</subfield><subfield code="1">002576827</subfield></datafield><datafield tag="974" ind1=" " ind2=" "><subfield code="b">MIU</subfield><subfield code="c">MIU</subfield><subfield code="d">20190719</subfield><subfield code="s">lit-dlps-dc</subfield><subfield code="u">mdp.39015081447727</subfield><subfield code="y">1720</subfield><subfield code="r">pd</subfield><subfield code="q">bib</subfield><subfield code="t">non-US bib date1 &lt; 1896</subfield></datafield></record></collection>